2219 3315
529 140 630 208 184
1183 127 1459 203 calumnia&

522 219 768 288 dedisset
783 217 1054 311 gladium
1069 270 1086 298 ‚
1103 244 1289 312 quem
1304 245 1475 308 antea
1491 224 1692 290 David
1720 231 1781 290 in
1810 225 2042 322 templo

514 310 1029 406 appenderat.Saul
1058 320 1312 381 irritatus
1327 365 1343 393 ‚
1357 312 1514 404 jussit
1542 338 1607 382 ut
1622 318 1819 383 bonus
1836 329 2044 387 Ponti-

519 405 615 471 fex
632 433 774 472 cum
789 427 919 471 tota
933 404 1159 474 familia
1173 409 1580 476 trucidaretur:
1600 422 1658 475 ὃς
1675 436 1789 476 una
1805 412 1902 478 die
1917 436 2044 493 tota

518 506 720 566 civitas
749 501 966 564 Nobes
993 501 1069 568 ad
1095 505 1574 569 internecionem
1601 502 1738 569 caesa
1754 505 1835 569 est
1849 555 1866 583 ,
1895 518 1953 571 δε
1980 514 2046 572 in

521 593 778 686 praedam
794 592 1009 660 relicta.
1048 601 1195 660 Hoc
1213 619 1570 689 praeceptum
1588 595 1773 662 officii
1789 596 2046 690 diligen-

519 707 609 752 ter
625 688 1010 753 retinendum
1028 688 1122 754 est.
1150 695 1250 754 Ne
1269 715 1536 782 unquam
1552 696 1942 756 innocentem
1955 698 2045 775 ju—

518 779 682 846 dicio
701 787 905 872 capitis
934 780 1183 847 accersas
1201 811 1214 846 x
1260 783 1329 847 Id
1346 789 1510 848 enim
1537 782 1656 849 fine
1675 780 1888 850 scelere
1915 785 2044 850 fieri

516 871 690 938 nullo
710 873 907 938 modo
924 875 1134 967 potest.
1175 881 1343 940 Deus
1362 883 1467 968 qui
1484 898 1606 943 tam
1621 875 1840 943 austere
1857 879 2042 944 caedes

517 978 580 1031 &c
592 965 929 1033 homicidia
943 968 1403 1034 vindicatzdixit:
1429 973 1584 1034 Non
1599 977 1896 1063 accipietis
1913 996 2046 1064 pre-

518 1066 683 1125 cium
699 1061 771 1125 αἱ)
793 1069 998 1152 e0‚qui
1013 1089 1143 1127 reus
1162 1063 1243 1128 est
1259 1059 1584 1154 languinis:
1611 1064 1807 1129 statim
1835 1076 1894 1130 δε
1921 1062 2045 1157 ipse

327 1191 470 1240 Levis.
517 1160 841 1220 morietur:
867 1160 968 1220 Ne
985 1153 1268 1249 polluatis
1297 1177 1512 1221 terram
1541 1154 1929 1222 habitationis
1943 1182 2046 1223 ve-

338 1269 397 1310 35·
514 1248 639 1314 strae
652 1299 669 1327 ‚
685 1270 816 1340 quae
832 1246 1169 1316 insontium
1187 1275 1399 1315 cruore
1416 1247 1759 1315 maculatur.
1787 1254 1924 1316 Nec
1938 1247 2045 1316 ah-

517 1362 607 1406 ter
622 1348 840 1434 cxpiari
854 1345 1069 1435 potest,
1086 1341 1194 1408 nisi
1209 1368 1313 1435 per
1327 1349 1446 1426 ejus
1464 1340 2042 1434 sanguine1n,quial-

507 1440 696 1503 terius
715 1435 1062 1527 sanguinem
1077 1433 1710 1502 fuderit.Condemnat
1727 1447 1786 1500 ὃς
1813 1441 2039 1527 eos-qui

516 1528 700 1594 caedes
739 1552 1111 1621 promovent
1151 1525 1463 1594 calumniis
1507 1540 1566 1593 δε
1607 1526 2038 1594 maledicentia.

513 1623 667 1686 Non
685 1629 795 1687 erit
812 1619 1209 1691 calumniator
1235 1648 1345 1687 nec
1373 1617 1605 1687 susurro
1622 1626 1683 1685 in
1701 1620 1910 1686 medio
1926 1645 2041 1714 po·

328 1706 469 1753 “³⁸⁶'‘
511 1712 655 1808 puli.
669 1720 824 1781 Non
852 1716 1025 1781 stabis
1042 1739 1250 1783 contra
1265 1712 1613 1807 sanguinem
1643 1720 1907 1806 proximi
1935 1720 2042 1780 tui:

331 1788 395 1825 '⁹⁰
607 1816 741 1902 Ego
758 1816 1088 1875 Dominus
1116 1810 1343 1876 Eadem
1359 1814 1522 1873 enim
1540 1805 1630 1872 cul
1638 1833 1711 1899 pa
1725 1813 1948 1899 premi-

771 1926 869 1968 tur
885 1910 990 1995 qui
1007 1901 1150 1969 mali
1166 1925 1342 1969 autor
1359 1913 1500 1979 &,&
1518 1907 1623 1991 qui
1641 1926 1768 1965 ma-

965 1993 1097 2062 lum
1120 2018 1310 2089 patrat
1335 2046 1352 2073 ‚
1383 2007 1441 2060 &
1470 2020 1603 2059 exe-

1166 2109 1390 2180 qmtur.

1805 2259 1885 2322 N
1899 2266 1944 2321 Ο
1959 2262 2035 2324 N

1195 2349 1346 2441 ,QZ-{Q

1212 2442 1346 2534 7:335
