<?xml version="1.0" encoding="UTF-8"?>
<!DOCTYPE html PUBLIC "-//W3C//DTD XHTML 1.0 Transitional//EN"
    "http://www.w3.org/TR/xhtml1/DTD/xhtml1-transitional.dtd">
<html xmlns="http://www.w3.org/1999/xhtml" xml:lang="en" lang="en">
 <head>
  <title>
</title>
<meta http-equiv="Content-Type" content="text/html;charset=utf-8" />
  <meta name='ocr-system' content='tesseract 3.04.00' />
  <meta name='ocr-capabilities' content='ocr_page ocr_carea ocr_par ocr_line ocrx_word'/>
</head>
<body>
  <div class='ocr_page' id='page_1' title='image "./theatrumvitaehum00bois_0128.png"; bbox 0 0 2219 3315; ppageno 0'>
   <div class='ocr_carea' id='block_1_1' title="bbox 508 105 2061 1759">
    <p class='ocr_par' dir='ltr' id='par_1_1' title="bbox 513 105 1570 202">
     <span class='ocr_line' id='line_1_1' title="bbox 513 105 1570 202; baseline -0.006 -18"><span class='ocrx_word' id='word_1_1' title='bbox 513 128 608 184; x_wconf 81' lang='lat'><strong>108</strong></span> <span class='ocrx_word' id='word_1_2' title='bbox 1109 108 1434 202; x_wconf 50' lang='lat' dir='ltr'><strong>Contemptis}⁸</strong></span> <span class='ocrx_word' id='word_1_3' title='bbox 1448 105 1570 178; x_wconf 70' lang='lat' dir='ltr'><strong>De}.‘</strong></span> 
     </span>
    </p>

    <p class='ocr_par' dir='ltr' id='par_1_2' title="bbox 508 200 2061 1504">
     <span class='ocr_line' id='line_1_2' title="bbox 508 200 2057 296; baseline -0.004 -21"><span class='ocrx_word' id='word_1_4' title='bbox 508 212 662 275; x_wconf 85' lang='lat' dir='ltr'><strong>boni</strong></span> <span class='ocrx_word' id='word_1_5' title='bbox 680 203 845 272; x_wconf 88' lang='lat' dir='ltr'><strong>ducis</strong></span> <span class='ocrx_word' id='word_1_6' title='bbox 863 229 927 271; x_wconf 76' lang='lat' dir='ltr'><strong>ac</strong></span> <span class='ocrx_word' id='word_1_7' title='bbox 946 201 1226 296; x_wconf 75' lang='lat' dir='ltr'><strong>generosi</strong></span> <span class='ocrx_word' id='word_1_8' title='bbox 1252 203 1557 269; x_wconf 84' lang='lat' dir='ltr'><strong>videretur</strong></span> <span class='ocrx_word' id='word_1_9' title='bbox 1587 200 1900 295; x_wconf 83' lang='lat' dir='ltr'><strong>pertinere:</strong></span> <span class='ocrx_word' id='word_1_10' title='bbox 1917 201 2057 269; x_wconf 62' lang='lat' dir='ltr'><strong>reli-⁴</strong></span> 
     </span>
     <span class='ocr_line' id='line_1_3' title="bbox 509 292 2054 394; baseline -0.002 -28"><span class='ocrx_word' id='word_1_11' title='bbox 509 309 763 394; x_wconf 84' lang='lat' dir='ltr'><strong>gionem</strong></span> <span class='ocrx_word' id='word_1_12' title='bbox 780 296 1004 365; x_wconf 89' lang='lat' dir='ltr'><strong>coleret</strong></span> <span class='ocrx_word' id='word_1_13' title='bbox 1019 347 1036 375; x_wconf 85' lang='lat'>‚</span> <span class='ocrx_word' id='word_1_14' title='bbox 1052 292 1208 362; x_wconf 79' lang='lat' dir='ltr'><strong>sacra</strong></span> <span class='ocrx_word' id='word_1_15' title='bbox 1224 295 1347 360; x_wconf 87' lang='lat' dir='ltr'><strong>deis</strong></span> <span class='ocrx_word' id='word_1_16' title='bbox 1366 293 1604 373; x_wconf 50' lang='lat' dir='ltr'><strong>fuceret,</strong></span> <span class='ocrx_word' id='word_1_17' title='bbox 1622 307 1681 361; x_wconf 89' lang='lat'>&amp;</span> <span class='ocrx_word' id='word_1_18' title='bbox 1697 297 1770 361; x_wconf 80' lang='lat' dir='ltr'><strong>ab</strong></span> <span class='ocrx_word' id='word_1_19' title='bbox 1788 303 1857 361; x_wconf 83' lang='lat' dir='ltr'><strong>iis</strong></span> <span class='ocrx_word' id='word_1_20' title='bbox 1875 324 2054 363; x_wconf 85' lang='lat' dir='ltr'><strong>even-</strong></span> 
     </span>
     <span class='ocr_line' id='line_1_4' title="bbox 514 385 2053 483; baseline -0.003 -24"><span class='ocrx_word' id='word_1_21' title='bbox 514 418 648 460; x_wconf 90' lang='lat' dir='ltr'><strong>tum</strong></span> <span class='ocrx_word' id='word_1_22' title='bbox 665 417 795 458; x_wconf 80' lang='lat' dir='ltr'><strong>reru</strong></span> <span class='ocrx_word' id='word_1_23' title='bbox 807 418 867 455; x_wconf 91' lang='lat' dir='ltr'><strong>m</strong></span> <span class='ocrx_word' id='word_1_24' title='bbox 883 389 1249 483; x_wconf 81' lang='lat' dir='ltr'><strong>felicemque</strong></span> <span class='ocrx_word' id='word_1_25' title='bbox 1266 387 1589 455; x_wconf 77' lang='lat' dir='ltr'><strong>successum</strong></span> <span class='ocrx_word' id='word_1_26' title='bbox 1619 385 1900 481; x_wconf 85' lang='lat' dir='ltr'><strong>posceret.</strong></span> <span class='ocrx_word' id='word_1_27' title='bbox 1946 398 2053 455; x_wconf 80' lang='lat' dir='ltr'><strong>Su-</strong></span> 
     </span>
     <span class='ocr_line' id='line_1_5' title="bbox 511 478 2053 582; baseline -0.003 -30"><span class='ocrx_word' id='word_1_28' title='bbox 511 487 731 582; x_wconf 85' lang='lat' dir='ltr'><strong>perbus</strong></span> <span class='ocrx_word' id='word_1_29' title='bbox 749 510 815 550; x_wconf 80' lang='lat' dir='ltr'><strong>ac</strong></span> <span class='ocrx_word' id='word_1_30' title='bbox 844 490 1187 550; x_wconf 79' lang='lat' dir='ltr'><strong>temerarius</strong></span> <span class='ocrx_word' id='word_1_31' title='bbox 1215 488 1450 570; x_wconf 84' lang='lat' dir='ltr'><strong>juvenis</strong></span> <span class='ocrx_word' id='word_1_32' title='bbox 1483 488 1635 576; x_wconf 78' lang='lat' dir='ltr'><strong>patri</strong></span> <span class='ocrx_word' id='word_1_33' title='bbox 1652 478 1960 573; x_wconf 85' lang='lat' dir='ltr'><strong>respondit</strong></span> <span class='ocrx_word' id='word_1_34' title='bbox 1973 532 1990 560; x_wconf 90' lang='lat'>‚</span> <span class='ocrx_word' id='word_1_35' title='bbox 2005 489 2053 547; x_wconf 89' lang='lat' dir='ltr'><strong>i-</strong></span> 
     </span>
     <span class='ocr_line' id='line_1_6' title="bbox 517 573 2055 672; baseline -0.002 -27"><span class='ocrx_word' id='word_1_36' title='bbox 517 603 782 672; x_wconf 76' lang='lat' dir='ltr'><strong>gnavum</strong></span> <span class='ocrx_word' id='word_1_37' title='bbox 800 601 1108 669; x_wconf 85' lang='lat' dir='ltr'><strong>quemque</strong></span> <span class='ocrx_word' id='word_1_38' title='bbox 1125 582 1408 642; x_wconf 81' lang='lat' dir='ltr'><strong>Deorum</strong></span> <span class='ocrx_word' id='word_1_39' title='bbox 1425 573 1649 641; x_wconf 81' lang='lat' dir='ltr'><strong>auxilio</strong></span> <span class='ocrx_word' id='word_1_40' title='bbox 1681 575 1843 667; x_wconf 83' lang='lat' dir='ltr'><strong>poffe</strong></span> <span class='ocrx_word' id='word_1_41' title='bbox 1871 580 2055 642; x_wconf 84' lang='lat' dir='ltr'><strong>etiam</strong></span> 
     </span>
     <span class='ocr_line' id='line_1_7' title="bbox 518 665 2056 763; baseline -0.003 -25"><span class='ocrx_word' id='word_1_42' title='bbox 518 678 823 739; x_wconf 66' lang='lat' dir='ltr'><strong>victorem</strong></span> <span class='ocrx_word' id='word_1_43' title='bbox 841 671 1179 737; x_wconf 80' lang='lat' dir='ltr'><strong>evadere.Se</strong></span> <span class='ocrx_word' id='word_1_44' title='bbox 1195 692 1397 736; x_wconf 82' lang='lat' dir='ltr'><strong>autem</strong></span> <span class='ocrx_word' id='word_1_45' title='bbox 1415 675 1659 763; x_wconf 81' lang='lat' dir='ltr'><strong>propria</strong></span> <span class='ocrx_word' id='word_1_46' title='bbox 1675 674 1900 735; x_wconf 85' lang='lat' dir='ltr'><strong>virtute</strong></span> <span class='ocrx_word' id='word_1_47' title='bbox 1916 665 2056 733; x_wconf 84' lang='lat' dir='ltr'><strong>effe-</strong></span> 
     </span>
     <span class='ocr_line' id='line_1_8' title="bbox 520 761 2054 856; baseline -0.003 -26"><span class='ocrx_word' id='word_1_48' title='bbox 520 771 762 830; x_wconf 68' lang='lat' dir='ltr'><strong>&amp;urum</strong></span> <span class='ocrx_word' id='word_1_49' title='bbox 780 815 797 843; x_wconf 87' lang='lat'>‚</span> <span class='ocrx_word' id='word_1_50' title='bbox 828 785 893 828; x_wconf 90' lang='lat' dir='ltr'><strong>ut</strong></span> <span class='ocrx_word' id='word_1_51' title='bbox 909 762 1223 828; x_wconf 80' lang='lat' dir='ltr'><strong>fortunam</strong></span> <span class='ocrx_word' id='word_1_52' title='bbox 1239 761 1470 856; x_wconf 81' lang='lat' dir='ltr'><strong>superet</strong></span> <span class='ocrx_word' id='word_1_53' title='bbox 1486 769 1620 828; x_wconf 87' lang='lat' dir='ltr'><strong>Diis</strong></span> <span class='ocrx_word' id='word_1_54' title='bbox 1640 767 1818 826; x_wconf 77' lang='lat' dir='ltr'><strong>etiam</strong></span> <span class='ocrx_word' id='word_1_55' title='bbox 1836 766 2054 826; x_wconf 77' lang='lat' dir='ltr'><strong>invitis,</strong></span> 
     </span>
     <span class='ocr_line' id='line_1_9' title="bbox 520 851 2057 948; baseline -0.004 -24"><span class='ocrx_word' id='word_1_56' title='bbox 520 862 594 925; x_wconf 85' lang='lat' dir='ltr'><strong>Et</strong></span> <span class='ocrx_word' id='word_1_57' title='bbox 610 857 718 923; x_wconf 77' lang='lat' dir='ltr'><strong>hac</strong></span> <span class='ocrx_word' id='word_1_58' title='bbox 735 863 1071 948; x_wconf 76' lang='lat' dir='ltr'>arrogantia</span> <span class='ocrx_word' id='word_1_59' title='bbox 1088 862 1301 922; x_wconf 90' lang='lat' dir='ltr'><strong>Iovem</strong></span> <span class='ocrx_word' id='word_1_60' title='bbox 1317 863 1614 921; x_wconf 81' lang='lat' dir='ltr'><strong>irritatum</strong></span> <span class='ocrx_word' id='word_1_61' title='bbox 1631 852 1935 920; x_wconf 78' lang='lat' dir='ltr'><strong>immislffe</strong></span> <span class='ocrx_word' id='word_1_62' title='bbox 1962 851 2057 919; x_wconf 90' lang='lat' dir='ltr'><strong>fu-</strong></span> 
     </span>
     <span class='ocr_line' id='line_1_10' title="bbox 521 948 2057 1042; baseline -0.005 -24"><span class='ocrx_word' id='word_1_63' title='bbox 521 978 722 1018; x_wconf 80' lang='lat' dir='ltr'><strong>rorem</strong></span> <span class='ocrx_word' id='word_1_64' title='bbox 739 979 753 1023; x_wconf 91' lang='lat'><strong>·‚</strong></span> <span class='ocrx_word' id='word_1_65' title='bbox 772 977 898 1042; x_wconf 89' lang='lat' dir='ltr'><strong>quo</strong></span> <span class='ocrx_word' id='word_1_66' title='bbox 929 955 1184 1042; x_wconf 85' lang='lat' dir='ltr'><strong>percitus</strong></span> <span class='ocrx_word' id='word_1_67' title='bbox 1213 957 1363 1015; x_wconf 82' lang='lat' dir='ltr'><strong>Aiax</strong></span> <span class='ocrx_word' id='word_1_68' title='bbox 1391 948 1570 1016; x_wconf 82' lang='lat' dir='ltr'><strong>saeviit</strong></span> <span class='ocrx_word' id='word_1_69' title='bbox 1597 956 1659 1014; x_wconf 87' lang='lat' dir='ltr'><strong>in</strong></span> <span class='ocrx_word' id='word_1_70' title='bbox 1677 970 2057 1042; x_wconf 77' lang='lat' dir='ltr'><strong>porco5,.tan·</strong></span> 
     </span>
     <span class='ocr_line' id='line_1_11' title="bbox 522 1038 2060 1136; baseline -0.003 -26"><span class='ocrx_word' id='word_1_71' title='bbox 522 1072 705 1136; x_wconf 77' lang='lat' dir='ltr'><strong>quam</strong></span> <span class='ocrx_word' id='word_1_72' title='bbox 725 1052 787 1109; x_wconf 90' lang='lat' dir='ltr'><strong>in</strong></span> <span class='ocrx_word' id='word_1_73' title='bbox 805 1041 1073 1132; x_wconf 85' lang='lat' dir='ltr'><strong>Vlyffem</strong></span> <span class='ocrx_word' id='word_1_74' title='bbox 1091 1093 1107 1121; x_wconf 86' lang='lat'>‚</span> <span class='ocrx_word' id='word_1_75' title='bbox 1126 1068 1310 1134; x_wconf 90' lang='lat' dir='ltr'><strong>quem</strong></span> <span class='ocrx_word' id='word_1_76' title='bbox 1327 1042 1555 1133; x_wconf 71' lang='lat' dir='ltr'><strong>perdite</strong></span> <span class='ocrx_word' id='word_1_77' title='bbox 1572 1043 1800 1119; x_wconf 82' lang='lat' dir='ltr'><strong>oderat,</strong></span> <span class='ocrx_word' id='word_1_78' title='bbox 1818 1038 2060 1132; x_wconf 86' lang='lat' dir='ltr'><strong>ejusque</strong></span> 
     </span>
     <span class='ocr_line' id='line_1_12' title="bbox 519 1132 2060 1228; baseline -0.003 -25"><span class='ocrx_word' id='word_1_79' title='bbox 519 1139 738 1228; x_wconf 63' lang='lat' dir='ltr'><strong>socios:</strong></span> <span class='ocrx_word' id='word_1_80' title='bbox 755 1143 846 1203; x_wconf 89' lang='lat' dir='ltr'><strong>Ac</strong></span> <span class='ocrx_word' id='word_1_81' title='bbox 865 1136 1112 1201; x_wconf 74' lang='lat' dir='ltr'><strong>tandem</strong></span> <span class='ocrx_word' id='word_1_82' title='bbox 1130 1136 1548 1202; x_wconf 80' lang='lat' dir='ltr'><strong>recordatione</strong></span> <span class='ocrx_word' id='word_1_83' title='bbox 1577 1132 1749 1217; x_wconf 85' lang='lat' dir='ltr'><strong>hujus</strong></span> <span class='ocrx_word' id='word_1_84' title='bbox 1781 1133 2060 1213; x_wconf 84' lang='lat' dir='ltr'><strong>stultitiae,</strong></span> 
     </span>
     <span class='ocr_line' id='line_1_13' title="bbox 524 1222 2061 1320; baseline -0.005 -23"><span class='ocrx_word' id='word_1_85' title='bbox 524 1231 634 1297; x_wconf 80' lang='lat' dir='ltr'><strong>fibi</strong></span> <span class='ocrx_word' id='word_1_86' title='bbox 654 1257 862 1296; x_wconf 77' lang='lat' dir='ltr'><strong>manus</strong></span> <span class='ocrx_word' id='word_1_87' title='bbox 880 1227 1155 1294; x_wconf 81' lang='lat' dir='ltr'><strong>intulisse.</strong></span> <span class='ocrx_word' id='word_1_88' title='bbox 1201 1235 1353 1313; x_wconf 87' lang='lat' dir='ltr'><strong>Qo</strong></span> <span class='ocrx_word' id='word_1_89' title='bbox 1384 1222 1663 1320; x_wconf 81' lang='lat' dir='ltr'><strong>exemplo</strong></span> <span class='ocrx_word' id='word_1_90' title='bbox 1681 1226 1893 1291; x_wconf 84' lang='lat' dir='ltr'><strong>docuit</strong></span> <span class='ocrx_word' id='word_1_91' title='bbox 1911 1233 2061 1290; x_wconf 80' lang='lat' dir='ltr'><strong>Po&#39;e‘-</strong></span> 
     </span>
     <span class='ocr_line' id='line_1_14' title="bbox 524 1316 2061 1416; baseline -0.006 -26"><span class='ocrx_word' id='word_1_92' title='bbox 524 1347 583 1390; x_wconf 82' lang='lat' dir='ltr'><strong>ta</strong></span> <span class='ocrx_word' id='word_1_93' title='bbox 597 1331 849 1416; x_wconf 75' lang='lat' dir='ltr'><strong>tragicus</strong></span> <span class='ocrx_word' id='word_1_94' title='bbox 870 1329 989 1387; x_wconf 85' lang='lat' dir='ltr'><strong>Dei</strong></span> <span class='ocrx_word' id='word_1_95' title='bbox 1002 1327 1258 1388; x_wconf 86' lang='lat' dir='ltr'><strong>Numen</strong></span> <span class='ocrx_word' id='word_1_96' title='bbox 1276 1328 1491 1386; x_wconf 86' lang='lat' dir='ltr'><strong>terrori</strong></span> <span class='ocrx_word' id='word_1_97' title='bbox 1505 1347 1569 1385; x_wconf 75' lang='lat' dir='ltr'><strong>ac</strong></span> <span class='ocrx_word' id='word_1_98' title='bbox 1585 1325 1959 1386; x_wconf 74' lang='lat' dir='ltr'><strong>venerationi</strong></span> <span class='ocrx_word' id='word_1_99' title='bbox 1979 1316 2061 1383; x_wconf 85' lang='lat' dir='ltr'><strong>es-</strong></span> 
     </span>
     <span class='ocr_line' id='line_1_15' title="bbox 522 1412 2058 1504; baseline -0.005 -20"><span class='ocrx_word' id='word_1_100' title='bbox 522 1417 582 1484; x_wconf 77' lang='lat' dir='ltr'><strong>se</strong></span> <span class='ocrx_word' id='word_1_101' title='bbox 599 1418 816 1484; x_wconf 83' lang='lat' dir='ltr'><strong>debere</strong></span> <span class='ocrx_word' id='word_1_102' title='bbox 835 1415 1122 1480; x_wconf 88' lang='lat' dir='ltr'><strong>omnibus</strong></span> <span class='ocrx_word' id='word_1_103' title='bbox 1141 1412 1516 1479; x_wconf 79' lang='lat' dir='ltr'><strong>hominibus:</strong></span> <span class='ocrx_word' id='word_1_104' title='bbox 1531 1417 1692 1498; x_wconf 88' lang='lat' dir='ltr'><strong>cujus</strong></span> <span class='ocrx_word' id='word_1_105' title='bbox 1710 1418 1984 1504; x_wconf 74' lang='lat' dir='ltr'><strong>potentia</strong></span> <span class='ocrx_word' id='word_1_106' title='bbox 1999 1424 2058 1477; x_wconf 74' lang='grc' dir='ltr'><strong>δε</strong></span> 
     </span>
    </p>

    <p class='ocr_par' dir='ltr' id='par_1_3' title="bbox 722 1503 1854 1759">
     <span class='ocr_line' id='line_1_16' title="bbox 722 1503 1854 1603; baseline -0.002 -30"><span class='ocrx_word' id='word_1_107' title='bbox 722 1507 920 1603; x_wconf 73' lang='lat' dir='ltr'><strong>gloria</strong></span> <span class='ocrx_word' id='word_1_108' title='bbox 935 1506 1108 1600; x_wconf 82' lang='lat' dir='ltr'><strong>plena</strong></span> <span class='ocrx_word' id='word_1_109' title='bbox 1123 1505 1257 1573; x_wconf 88' lang='lat' dir='ltr'><strong>sunt</strong></span> <span class='ocrx_word' id='word_1_110' title='bbox 1273 1516 1504 1585; x_wconf 76' lang='lat' dir='ltr'><strong>omnia,</strong></span> <span class='ocrx_word' id='word_1_111' title='bbox 1521 1512 1750 1597; x_wconf 86' lang='lat' dir='ltr'><strong>quique</strong></span> <span class='ocrx_word' id='word_1_112' title='bbox 1766 1503 1854 1571; x_wconf 90' lang='lat' dir='ltr'><strong>sui</strong></span> 
     </span>
     <span class='ocr_line' id='line_1_17' title="bbox 895 1597 1699 1692; baseline -0.004 -25"><span class='ocrx_word' id='word_1_113' title='bbox 895 1621 1325 1692; x_wconf 87' lang='lat' dir='ltr'><strong>contemptum</strong></span> <span class='ocrx_word' id='word_1_114' title='bbox 1342 1601 1612 1692; x_wconf 69' lang='lat' dir='ltr'><strong>nuquam</strong></span> <span class='ocrx_word' id='word_1_115' title='bbox 1628 1597 1699 1664; x_wconf 80' lang='lat' dir='ltr'><strong>si-</strong></span> 
     </span>
     <span class='ocr_line' id='line_1_18' title="bbox 1131 1690 1457 1759; baseline -0.003 -1"><span class='ocrx_word' id='word_1_116' title='bbox 1131 1699 1222 1759; x_wconf 87' lang='lat' dir='ltr'><strong>nit</strong></span> <span class='ocrx_word' id='word_1_117' title='bbox 1238 1690 1457 1759; x_wconf 83' lang='lat' dir='ltr'><strong>ultum.</strong></span> 
     </span>
    </p>
   </div>
   <div class='ocr_carea' id='block_1_2' title="bbox 1805 1866 2060 1929">
    <p class='ocr_par' dir='ltr' id='par_1_4' title="bbox 1805 1866 2060 1929">
     <span class='ocr_line' id='line_1_19' title="bbox 1805 1866 2060 1929; baseline -0.004 0"><span class='ocrx_word' id='word_1_118' title='bbox 1805 1866 2060 1929; x_wconf 76' lang='lat' dir='ltr'><em>CAPA-</em></span> 
     </span>
    </p>
   </div>
   <div class='ocr_carea' id='block_1_3' title="bbox 1163 2131 1423 2258">
    <p class='ocr_par' dir='ltr' id='par_1_5' title="bbox 1163 2131 1423 2258">
     <span class='ocr_line' id='line_1_20' title="bbox 1163 2131 1423 2258; baseline 0.004 -1"><span class='ocrx_word' id='word_1_119' title='bbox 1163 2131 1423 2258; x_wconf 36' lang='lat' dir='ltr'><strong>Qu)</strong></span> 
     </span>
    </p>
   </div>
  </div>
 </body>
</html>
