2219 3315
569 124 649 183 70
1138 106 1234 163 Dii
1249 101 1551 168 Graecorbm.

569 189 898 258 verent.Ad
913 190 1235 282 ingressum
1251 190 1591 281 Elyfiorum
1607 204 1982 291 Camporum
2000 196 2081 265 15-

568 305 635 350 to
652 312 716 350 ac
732 292 914 350 tacito
933 283 1184 349 flumine
1201 283 1462 353 defertur
1489 286 1702 353 Lethe:
1731 292 1803 357 de
1833 318 1957 383 quo
1989 295 2080 357 bi-

567 378 678 442 bt‘it
692 385 900 441 animae
916 377 1258 442 beatorum:
1276 402 1342 443 ut
1358 387 1641 445 omnium
1658 380 2084 451 obliviscantur

570 468 878 534 malorum
895 496 960 534 ac
976 468 1406 552 molestiarum,
1423 498 1565 564 quas
1581 480 1754 538 inviti
1771 497 1939 540 antea
1953 503 2082 568 per-

564 558 708 654 pessi
736 560 870 627 sunt
898 559 1067 656 super
1095 586 1271 630 terra:
1301 577 1361 632 δε
1386 565 1509 632 hoc
1537 589 1778 632 cautum
1796 562 1829 632 εὶ
1853 575 1994 633 Fato
2010 595 2081 635 ae-

562 650 738 720 terno
757 656 1035 722 dixerunt
1049 664 1281 750 antiqui
1298 709 1315 737 ,
1329 685 1405 725 ne
1423 666 1719 726 memoria
1734 658 1985 726 molesta
1998 662 2084 726 ἰξί-

526 790 532 792 -
564 770 849 839 gerentur
863 756 1075 816 animae
1091 748 1435 818 sanctorum
1450 803 1467 833 ‚
1498 754 1647 819 dum
1663 752 1996 820 recolerent
2011 780 2083 819 ae-

565 864 633 904 ru
643 866 805 906 mnas
825 854 883 907 &
901 839 1258 910 calamitates
1273 852 1409 915 vitae
1424 845 1731 913 transactae.
1778 854 1820 913 P
1828 844 2086 938 ythago-

559 940 668 998 rici
685 932 928 1000 ulterius
946 934 1233 1029 progressi
1263 936 1411 1005 sunt.
1439 938 1792 1007 Oblivionis
1823 938 2083 1006 fluvium

559 1025 870 1118 adsignant
882 1032 1192 1097 animabus
1212 1031 1796 1124 defun6torum,quae
1812 1031 2083 1098 transmi*

560 1143 810 1209 graturae
839 1121 971 1187 sunt
988 1130 1050 1188 in
1067 1150 1228 1190 nova
1255 1151 1522 1219 corpora.
1581 1132 1674 1191 Ac
1690 1125 1822 1217 post
1837 1146 2085 1216 epotam

558 1212 792 1279 Lethen
808 1223 1093 1282 omnium
1110 1220 1576 1310 praecedentium
1604 1218 1808 1283 oblitae
1821 1268 1838 1296 ,
1854 1215 2085 1283 deside·-

561 1313 655 1370 rio
672 1334 846 1375 novae
861 1312 994 1375 Vitae
1010 1314 1658 1402 gestientesssxpec‘kant
1675 1311 1873 1374 donec
1886 1315 2085 1376 Natu-

561 1423 624 1463 ta
637 1397 761 1464 illas
778 1405 841 1464 in
859 1427 1112 1493 corpora
1126 1424 1392 1467 recenter
1408 1425 1542 1467 nata
1556 1399 1939 1485 transmittat:
1966 1409 2085 1466 Ra-

561 1484 761 1581 roque
777 1501 1083 1583 contingit
1099 1517 1164 1558 ut
1181 1499 1338 1560 mete
1354 1492 1775 1586 recolant,quae
1789 1515 1925 1560 ante
1939 1499 2082 1560 :testis

561 1580 781 1652 saeculis
811 1586 1078 1678 perpeffae
1105 1584 1238 1653 sunt
1264 1594 1328 1653 in
1368 1589 1725 1680 corporibus
1768 1592 1831 1651 in
1860 1588 2088 1679 quibus!

669 1674 828 1771 prius
845 1685 1135 1745 vixerunt.
1154 1687 1451 1768 vais
1468 1679 1568 1745 ille
1581 1678 1977 1774 publicaverit

848 1769 905 1840 se
919 1777 982 1837 in
1011 1775 1372 1866 corporibus
1400 1771 1603 1839 alienis
1635 1797 1804 1841 antea

1021 1867 1224 1934 vix1ffe
1240 1891 1509 1960 quorum
1525 1893 1640 1935 no-

1137 1985 1304 2027 mina
1366 1984 1513 2033 reci-

1224 2074 1325 2119 tat·

1851 2224 2088 2296 AEGY-
